% --- Wichtiger Hinweis --------------------------------------------------------
% Kopieren Sie nicht nur einfach die Literaturangaben von Google Scholar oder von anderen Quellen.
% Überprüfen Sie die Angaben und überführen Sie alle Literaturangaben in ein einheitliches Format!


% --- Abkürzungen (erleichtert einheitliche Literaturangaben) ------------------
% eine Übersicht der Abkürzungen finden Sie unter:
% 	https://www.tu-ilmenau.de/neurob/teaching/literatur/
% Journal-Beiträge
@string{JAI     = {Artificial Intelligence {(AI)}}}
@string{JTRA    = {{IEEE} Transactions on Robotics and Automation {(TRA)}}}

% Konferenz-Artikel
@string{CCVPR   = {Proc. of the {IEEE} Conference on Computer Vision and Pattern Recognition {(CVPR)}}}
@string{CNIPS   = {Advances in Neural Information Processing Systems (NIPS)}}


% --- Konferenz-Artikel --------------------------------------------------------
@inproceedings{thrun2002risk,
	author =       {Thrun, Sebastian and Langford, John and Verma, Vandi},
	title =        {Risk Sensitive Particle Filters},
	booktitle =    CNIPS,
	pages =        {961--968},
	year =         {2002}
}

@inproceedings{deng2009imagenet,
	author =       {Deng, Jia and Dong, Wei and Socher, Richard and Li, Li-Jia and Li, Kai and Fei-Fei, Li},
	title =        {ImageNet: A Large-Ccale Hierarchical Image Database},
	booktitle =    CCVPR,
	publisher =    {IEEE},
	pages =        {248--255},
	year =         {2009}
}


% --- arXiv --------------------------------------------------------------------
% ACHTUNG: arXiv ist ein Dokumentenserver für -> Preprints <-
% Überprüfen Sie daher unbedingt den Inhalt dieser Publikationen!
% Verwenden Sie zudem nur dann eine Referenz zu arXiv, wenn (noch) keine andere Referenz (Konferenz, Jounral) verfügbar ist
@article{badrinarayanan2015segnet,
	author =       {Badrinarayanan, Vijay and Kendall, Alex and Cipolla, Roberto},
	title =        {SegNet: A Deep Convolutional Encoder-Decoder Architecture for Image Segmentation},
	journal =      {arXiv preprint arXiv:1511.00561},
	year =         {2015},
}


% --- Journal-Beiträge ---------------------------------------------------------
@article{dissanayake2001solution,
	author =       {Dissanayake, G. and Newman, P. and Clark, S. and Durrant-Whyte,H. and Csorba, M.},
	title =        {A Solution to the Simultaneous Localization and Map Building {(SLAM)} Problem},
	journal =      JTRA,
    volume =       {17},
    number =       {3},
    pages =        {229--241},
    year =         {2001},
    publisher =    {IEEE}
}

@article{thrun2001robust,
	title =        {Robust Monte Carlo localization for mobile robots},
	author =       {Thrun, Sebastian and Fox, Dieter and Burgard, Wolfram and Dellaert, Frank},
	journal =      JAI,
	volume =       {128},
	number =       {1-2},
	pages =        {99--141},
	year =         {2001},
	publisher =    {Elsevier}
}


% --- Bücher -------------------------------------------------------------------
% Nutzen Sie book für ganze Bücher
% Nutzen Sie incollection falls jedes Kapitel einen unterschliedlichen Autoren hat
@book{bayesstatistik,
	author =       {Marinell, G. and Steckel-Berger, G},
	title =        {Einführung in die Bayes-Statistik},
	publisher =    {Oldenbourg Wissenschaftsverlag},
	year =         {2001},
}


% --- Vorlesungsskripte / andere Arbeiten --------------------------------------
@misc{niScript,
	author =       {Gross, H.-M.},
	title =		   {Neuroinformatik},
	howpublished = {Vorlesungsskript Sommersemester 2018},
	note =		   {Fachgebiet Neuroinformatik \& Kognitive Robotik, TU Ilmenau},
	year =		   {2018}
}

@misc{seichterHS,
	author =	   {Seichter, Daniel},
	title =		   {Warum Deep Learning funktioniert - Aufarbeitung aktueller Deep-Learning-Techniken},
	howpublished = {Hauptseminar},
	note = 		   {Fachgebiet Neuroinformatik \& Kognitive Robotik, TU Ilmenau},
	year =		   {2016}
}
